<?xml version="1.0" encoding="UTF-8"?><collection xmlns="http://www.loc.gov/MARC21/slim"><record><leader>00381nam--2200133-i-4500</leader><controlfield tag="001">000046963</controlfield><controlfield tag="002">20161230</controlfield><controlfield tag="005">20161230201046</controlfield><controlfield tag="008">060222s1000------------r-----000-0-eng-d</controlfield><datafield ind1=" " ind2=" " tag="080"><subfield code="a">621.396:537.86</subfield></datafield><datafield ind1=" " ind2=" " tag="100"><subfield code="a">Watson, W. H</subfield></datafield><datafield ind1=" " ind2=" " tag="245"><subfield code="a">The physical principles of wave guide transmission and antena systems</subfield></datafield><datafield ind1=" " ind2=" " tag="260"><subfield code="a">Oxford, At The Clarendon-press, 1947, Xiii+207p</subfield></datafield><datafield ind1=" " ind2=" " tag="852"><subfield code="a">76419</subfield></datafield></record></collection>